@book{fischetti2019introduction,
  title={Introduction to Mathematical Optimization},
  author={Fischetti, M.},
  isbn={9781692792022},
  url={https://books.google.it/books?id=0sbhyQEACAAJ},
  year={2019},
  publisher={Independently Published}
}
